[
  {"Division":"CE","Country":"독일","Period":"2016Q1","Sales":0.6042,"Profit":0.03},
  {"Division":"CE","Country":"이탈리아","Period":"2016Q1","Sales":0.8056,"Profit":0.04},
  {"Division":"CE","Country":"말레이시아","Period":"2016Q1","Sales":0.5035,"Profit":0.025},
  {"Division":"CE","Country":"페루","Period":"2016Q1","Sales":0.4028,"Profit":0.02},
  {"Division":"CE","Country":"스페인","Period":"2016Q1","Sales":1.007,"Profit":0.05},
  {"Division":"CE","Country":"영국","Period":"2016Q1","Sales":0.8056,"Profit":0.04},
  {"Division":"CE","Country":"베트남","Period":"2016Q1","Sales":0.7049,"Profit":0.035},
  {"Division":"CE","Country":"아르헨티나","Period":"2016Q1","Sales":0.2014,"Profit":0.01},
  {"Division":"CE","Country":"브라질","Period":"2016Q1","Sales":0.3021,"Profit":0.015},
  {"Division":"CE","Country":"인도","Period":"2016Q1","Sales":0.9063,"Profit":0.045},
  {"Division":"CE","Country":"멕시코","Period":"2016Q1","Sales":0.3021,"Profit":0.015},
  {"Division":"CE","Country":"중국","Period":"2016Q1","Sales":1.5105,"Profit":0.075},
  {"Division":"CE","Country":"미국","Period":"2016Q1","Sales":2.014,"Profit":0.1},
  {"Division":"IM","Country":"독일","Period":"2016Q1","Sales":0.642,"Profit":0.2334},
  {"Division":"IM","Country":"이탈리아","Period":"2016Q1","Sales":0.856,"Profit":0.3112},
  {"Division":"IM","Country":"말레이시아","Period":"2016Q1","Sales":0.535,"Profit":0.1945},
  {"Division":"IM","Country":"페루","Period":"2016Q1","Sales":0.428,"Profit":0.1556},
  {"Division":"IM","Country":"스페인","Period":"2016Q1","Sales":1.07,"Profit":0.389},
  {"Division":"IM","Country":"영국","Period":"2016Q1","Sales":0.856,"Profit":0.3112},
  {"Division":"IM","Country":"베트남","Period":"2016Q1","Sales":0.749,"Profit":0.2723},
  {"Division":"IM","Country":"아르헨티나","Period":"2016Q1","Sales":0.214,"Profit":0.0778},
  {"Division":"IM","Country":"브라질","Period":"2016Q1","Sales":0.321,"Profit":0.1167},
  {"Division":"IM","Country":"인도","Period":"2016Q1","Sales":0.963,"Profit":0.3501},
  {"Division":"IM","Country":"멕시코","Period":"2016Q1","Sales":0.321,"Profit":0.1167},
  {"Division":"IM","Country":"중국","Period":"2016Q1","Sales":1.605,"Profit":0.5835},
  {"Division":"IM","Country":"미국","Period":"2016Q1","Sales":2.14,"Profit":0.778},
  {"Division":"반도체","Country":"독일","Period":"2016Q1","Sales":0.669,"Profit":0.1578},
  {"Division":"반도체","Country":"이탈리아","Period":"2016Q1","Sales":0.892,"Profit":0.2104},
  {"Division":"반도체","Country":"말레이시아","Period":"2016Q1","Sales":0.5575,"Profit":0.1315},
  {"Division":"반도체","Country":"페루","Period":"2016Q1","Sales":0.446,"Profit":0.1052},
  {"Division":"반도체","Country":"스페인","Period":"2016Q1","Sales":1.115,"Profit":0.263},
  {"Division":"반도체","Country":"영국","Period":"2016Q1","Sales":0.892,"Profit":0.2104},
  {"Division":"반도체","Country":"베트남","Period":"2016Q1","Sales":0.7805,"Profit":0.1841},
  {"Division":"반도체","Country":"아르헨티나","Period":"2016Q1","Sales":0.223,"Profit":0.0526},
  {"Division":"반도체","Country":"브라질","Period":"2016Q1","Sales":0.3345,"Profit":0.0789},
  {"Division":"반도체","Country":"인도","Period":"2016Q1","Sales":1.0035,"Profit":0.2367},
  {"Division":"반도체","Country":"멕시코","Period":"2016Q1","Sales":0.3345,"Profit":0.0789},
  {"Division":"반도체","Country":"중국","Period":"2016Q1","Sales":1.6725,"Profit":0.3945},
  {"Division":"반도체","Country":"미국","Period":"2016Q1","Sales":2.23,"Profit":0.526},
  {"Division":"DP","Country":"독일","Period":"2016Q1","Sales":0.3624,"Profit":-0.0162},
  {"Division":"DP","Country":"이탈리아","Period":"2016Q1","Sales":0.4832,"Profit":-0.0216},
  {"Division":"DP","Country":"말레이시아","Period":"2016Q1","Sales":0.302,"Profit":-0.0135},
  {"Division":"DP","Country":"페루","Period":"2016Q1","Sales":0.2416,"Profit":-0.0108},
  {"Division":"DP","Country":"스페인","Period":"2016Q1","Sales":0.604,"Profit":-0.027},
  {"Division":"DP","Country":"영국","Period":"2016Q1","Sales":0.4832,"Profit":-0.0216},
  {"Division":"DP","Country":"베트남","Period":"2016Q1","Sales":0.4228,"Profit":-0.0189},
  {"Division":"DP","Country":"아르헨티나","Period":"2016Q1","Sales":0.1208,"Profit":-0.0054},
  {"Division":"DP","Country":"브라질","Period":"2016Q1","Sales":0.1812,"Profit":-0.0081},
  {"Division":"DP","Country":"인도","Period":"2016Q1","Sales":0.5436,"Profit":-0.0243},
  {"Division":"DP","Country":"멕시코","Period":"2016Q1","Sales":0.1812,"Profit":-0.0081},
  {"Division":"DP","Country":"중국","Period":"2016Q1","Sales":0.906,"Profit":-0.0405},
  {"Division":"DP","Country":"미국","Period":"2016Q1","Sales":1.208,"Profit":-0.054},
  {"Division":"CE","Country":"독일","Period":"2016Q2","Sales":0.6624,"Profit":0.06},
  {"Division":"CE","Country":"이탈리아","Period":"2016Q2","Sales":0.8832,"Profit":0.08},
  {"Division":"CE","Country":"말레이시아","Period":"2016Q2","Sales":0.552,"Profit":0.05},
  {"Division":"CE","Country":"페루","Period":"2016Q2","Sales":0.4416,"Profit":0.04},
  {"Division":"CE","Country":"스페인","Period":"2016Q2","Sales":1.104,"Profit":0.1},
  {"Division":"CE","Country":"영국","Period":"2016Q2","Sales":0.8832,"Profit":0.08},
  {"Division":"CE","Country":"베트남","Period":"2016Q2","Sales":0.7728,"Profit":0.07},
  {"Division":"CE","Country":"아르헨티나","Period":"2016Q2","Sales":0.2208,"Profit":0.02},
  {"Division":"CE","Country":"브라질","Period":"2016Q2","Sales":0.3312,"Profit":0.03},
  {"Division":"CE","Country":"인도","Period":"2016Q2","Sales":0.9936,"Profit":0.09},
  {"Division":"CE","Country":"멕시코","Period":"2016Q2","Sales":0.3312,"Profit":0.03},
  {"Division":"CE","Country":"중국","Period":"2016Q2","Sales":1.656,"Profit":0.15},
  {"Division":"CE","Country":"미국","Period":"2016Q2","Sales":2.208,"Profit":0.2},
  {"Division":"IM","Country":"독일","Period":"2016Q2","Sales":0.6624,"Profit":0.2592},
  {"Division":"IM","Country":"이탈리아","Period":"2016Q2","Sales":0.8832,"Profit":0.3456},
  {"Division":"IM","Country":"말레이시아","Period":"2016Q2","Sales":0.552,"Profit":0.216},
  {"Division":"IM","Country":"페루","Period":"2016Q2","Sales":0.4416,"Profit":0.1728},
  {"Division":"IM","Country":"스페인","Period":"2016Q2","Sales":1.104,"Profit":0.432},
  {"Division":"IM","Country":"영국","Period":"2016Q2","Sales":0.8832,"Profit":0.3456},
  {"Division":"IM","Country":"베트남","Period":"2016Q2","Sales":0.7728,"Profit":0.3024},
  {"Division":"IM","Country":"아르헨티나","Period":"2016Q2","Sales":0.2208,"Profit":0.0864},
  {"Division":"IM","Country":"브라질","Period":"2016Q2","Sales":0.3312,"Profit":0.1296},
  {"Division":"IM","Country":"인도","Period":"2016Q2","Sales":0.9936,"Profit":0.3888},
  {"Division":"IM","Country":"멕시코","Period":"2016Q2","Sales":0.3312,"Profit":0.1296},
  {"Division":"IM","Country":"중국","Period":"2016Q2","Sales":1.656,"Profit":0.648},
  {"Division":"IM","Country":"미국","Period":"2016Q2","Sales":2.208,"Profit":0.864},
  {"Division":"반도체","Country":"독일","Period":"2016Q2","Sales":0.72,"Profit":0.1584},
  {"Division":"반도체","Country":"이탈리아","Period":"2016Q2","Sales":0.96,"Profit":0.2112},
  {"Division":"반도체","Country":"말레이시아","Period":"2016Q2","Sales":0.6,"Profit":0.132},
  {"Division":"반도체","Country":"페루","Period":"2016Q2","Sales":0.48,"Profit":0.1056},
  {"Division":"반도체","Country":"스페인","Period":"2016Q2","Sales":1.2,"Profit":0.264},
  {"Division":"반도체","Country":"영국","Period":"2016Q2","Sales":0.96,"Profit":0.2112},
  {"Division":"반도체","Country":"베트남","Period":"2016Q2","Sales":0.84,"Profit":0.1848},
  {"Division":"반도체","Country":"아르헨티나","Period":"2016Q2","Sales":0.24,"Profit":0.0528},
  {"Division":"반도체","Country":"브라질","Period":"2016Q2","Sales":0.36,"Profit":0.0792},
  {"Division":"반도체","Country":"인도","Period":"2016Q2","Sales":1.08,"Profit":0.2376},
  {"Division":"반도체","Country":"멕시코","Period":"2016Q2","Sales":0.36,"Profit":0.0792},
  {"Division":"반도체","Country":"중국","Period":"2016Q2","Sales":1.8,"Profit":0.396},
  {"Division":"반도체","Country":"미국","Period":"2016Q2","Sales":2.4,"Profit":0.528},
  {"Division":"DP","Country":"독일","Period":"2016Q2","Sales":0.3852,"Profit":0.0084},
  {"Division":"DP","Country":"이탈리아","Period":"2016Q2","Sales":0.5136,"Profit":0.0112},
  {"Division":"DP","Country":"말레이시아","Period":"2016Q2","Sales":0.321,"Profit":0.007},
  {"Division":"DP","Country":"페루","Period":"2016Q2","Sales":0.2568,"Profit":0.0056},
  {"Division":"DP","Country":"스페인","Period":"2016Q2","Sales":0.642,"Profit":0.014},
  {"Division":"DP","Country":"영국","Period":"2016Q2","Sales":0.5136,"Profit":0.0112},
  {"Division":"DP","Country":"베트남","Period":"2016Q2","Sales":0.4494,"Profit":0.0098},
  {"Division":"DP","Country":"아르헨티나","Period":"2016Q2","Sales":0.1284,"Profit":0.0028},
  {"Division":"DP","Country":"브라질","Period":"2016Q2","Sales":0.1926,"Profit":0.0042},
  {"Division":"DP","Country":"인도","Period":"2016Q2","Sales":0.5778,"Profit":0.0126},
  {"Division":"DP","Country":"멕시코","Period":"2016Q2","Sales":0.1926,"Profit":0.0042},
  {"Division":"DP","Country":"중국","Period":"2016Q2","Sales":0.963,"Profit":0.021},
  {"Division":"DP","Country":"미국","Period":"2016Q2","Sales":1.284,"Profit":0.028},
  {"Division":"CE","Country":"독일","Period":"2016Q3","Sales":0.6468,"Profit":0.0474},
  {"Division":"CE","Country":"이탈리아","Period":"2016Q3","Sales":0.8624,"Profit":0.0632},
  {"Division":"CE","Country":"말레이시아","Period":"2016Q3","Sales":0.539,"Profit":0.0395},
  {"Division":"CE","Country":"페루","Period":"2016Q3","Sales":0.4312,"Profit":0.0316},
  {"Division":"CE","Country":"스페인","Period":"2016Q3","Sales":1.078,"Profit":0.079},
  {"Division":"CE","Country":"영국","Period":"2016Q3","Sales":0.8624,"Profit":0.0632},
  {"Division":"CE","Country":"베트남","Period":"2016Q3","Sales":0.7546,"Profit":0.0553},
  {"Division":"CE","Country":"아르헨티나","Period":"2016Q3","Sales":0.2156,"Profit":0.0158},
  {"Division":"CE","Country":"브라질","Period":"2016Q3","Sales":0.3234,"Profit":0.0237},
  {"Division":"CE","Country":"인도","Period":"2016Q3","Sales":0.9702,"Profit":0.0711},
  {"Division":"CE","Country":"멕시코","Period":"2016Q3","Sales":0.3234,"Profit":0.0237},
  {"Division":"CE","Country":"중국","Period":"2016Q3","Sales":1.617,"Profit":0.1185},
  {"Division":"CE","Country":"미국","Period":"2016Q3","Sales":2.156,"Profit":0.158},
  {"Division":"IM","Country":"독일","Period":"2016Q3","Sales":0.6468,"Profit":0.006},
  {"Division":"IM","Country":"이탈리아","Period":"2016Q3","Sales":0.8624,"Profit":0.008},
  {"Division":"IM","Country":"말레이시아","Period":"2016Q3","Sales":0.539,"Profit":0.005},
  {"Division":"IM","Country":"페루","Period":"2016Q3","Sales":0.4312,"Profit":0.004},
  {"Division":"IM","Country":"스페인","Period":"2016Q3","Sales":1.078,"Profit":0.01},
  {"Division":"IM","Country":"영국","Period":"2016Q3","Sales":0.8624,"Profit":0.008},
  {"Division":"IM","Country":"베트남","Period":"2016Q3","Sales":0.7546,"Profit":0.007},
  {"Division":"IM","Country":"아르헨티나","Period":"2016Q3","Sales":0.2156,"Profit":0.002},
  {"Division":"IM","Country":"브라질","Period":"2016Q3","Sales":0.3234,"Profit":0.003},
  {"Division":"IM","Country":"인도","Period":"2016Q3","Sales":0.9702,"Profit":0.009},
  {"Division":"IM","Country":"멕시코","Period":"2016Q3","Sales":0.3234,"Profit":0.003},
  {"Division":"IM","Country":"중국","Period":"2016Q3","Sales":1.617,"Profit":0.015},
  {"Division":"IM","Country":"미국","Period":"2016Q3","Sales":2.156,"Profit":0.02},
  {"Division":"반도체","Country":"독일","Period":"2016Q3","Sales":0.789,"Profit":0.2022},
  {"Division":"반도체","Country":"이탈리아","Period":"2016Q3","Sales":1.052,"Profit":0.2696},
  {"Division":"반도체","Country":"말레이시아","Period":"2016Q3","Sales":0.6575,"Profit":0.1685},
  {"Division":"반도체","Country":"페루","Period":"2016Q3","Sales":0.526,"Profit":0.1348},
  {"Division":"반도체","Country":"스페인","Period":"2016Q3","Sales":1.315,"Profit":0.337},
  {"Division":"반도체","Country":"영국","Period":"2016Q3","Sales":1.052,"Profit":0.2696},
  {"Division":"반도체","Country":"베트남","Period":"2016Q3","Sales":0.9205,"Profit":0.2359},
  {"Division":"반도체","Country":"아르헨티나","Period":"2016Q3","Sales":0.263,"Profit":0.0674},
  {"Division":"반도체","Country":"브라질","Period":"2016Q3","Sales":0.3945,"Profit":0.1011},
  {"Division":"반도체","Country":"인도","Period":"2016Q3","Sales":1.1835,"Profit":0.3033},
  {"Division":"반도체","Country":"멕시코","Period":"2016Q3","Sales":0.3945,"Profit":0.1011},
  {"Division":"반도체","Country":"중국","Period":"2016Q3","Sales":1.9725,"Profit":0.5055},
  {"Division":"반도체","Country":"미국","Period":"2016Q3","Sales":2.63,"Profit":0.674},
  {"Division":"DP","Country":"독일","Period":"2016Q3","Sales":0.4236,"Profit":0.0612},
  {"Division":"DP","Country":"이탈리아","Period":"2016Q3","Sales":0.5648,"Profit":0.0816},
  {"Division":"DP","Country":"말레이시아","Period":"2016Q3","Sales":0.353,"Profit":0.051},
  {"Division":"DP","Country":"페루","Period":"2016Q3","Sales":0.2824,"Profit":0.0408},
  {"Division":"DP","Country":"스페인","Period":"2016Q3","Sales":0.706,"Profit":0.102},
  {"Division":"DP","Country":"영국","Period":"2016Q3","Sales":0.5648,"Profit":0.0816},
  {"Division":"DP","Country":"베트남","Period":"2016Q3","Sales":0.4942,"Profit":0.0714},
  {"Division":"DP","Country":"아르헨티나","Period":"2016Q3","Sales":0.1412,"Profit":0.0204},
  {"Division":"DP","Country":"브라질","Period":"2016Q3","Sales":0.2118,"Profit":0.0306},
  {"Division":"DP","Country":"인도","Period":"2016Q3","Sales":0.6354,"Profit":0.0918},
  {"Division":"DP","Country":"멕시코","Period":"2016Q3","Sales":0.2118,"Profit":0.0306},
  {"Division":"DP","Country":"중국","Period":"2016Q3","Sales":1.059,"Profit":0.153},
  {"Division":"DP","Country":"미국","Period":"2016Q3","Sales":1.412,"Profit":0.204},
  {"Division":"CE","Country":"독일","Period":"2016Q4","Sales":0.7926,"Profit":0.0258},
  {"Division":"CE","Country":"이탈리아","Period":"2016Q4","Sales":1.0568,"Profit":0.0344},
  {"Division":"CE","Country":"말레이시아","Period":"2016Q4","Sales":0.6605,"Profit":0.0215},
  {"Division":"CE","Country":"페루","Period":"2016Q4","Sales":0.5284,"Profit":0.0172},
  {"Division":"CE","Country":"스페인","Period":"2016Q4","Sales":1.321,"Profit":0.043},
  {"Division":"CE","Country":"영국","Period":"2016Q4","Sales":1.0568,"Profit":0.0344},
  {"Division":"CE","Country":"베트남","Period":"2016Q4","Sales":0.9247,"Profit":0.0301},
  {"Division":"CE","Country":"아르헨티나","Period":"2016Q4","Sales":0.2642,"Profit":0.0086},
  {"Division":"CE","Country":"브라질","Period":"2016Q4","Sales":0.3963,"Profit":0.0129},
  {"Division":"CE","Country":"인도","Period":"2016Q4","Sales":1.1889,"Profit":0.0387},
  {"Division":"CE","Country":"멕시코","Period":"2016Q4","Sales":0.3963,"Profit":0.0129},
  {"Division":"CE","Country":"중국","Period":"2016Q4","Sales":1.9815,"Profit":0.0645},
  {"Division":"CE","Country":"미국","Period":"2016Q4","Sales":2.642,"Profit":0.086},
  {"Division":"IM","Country":"독일","Period":"2016Q4","Sales":0.7926,"Profit":0.15},
  {"Division":"IM","Country":"이탈리아","Period":"2016Q4","Sales":1.0568,"Profit":0.2},
  {"Division":"IM","Country":"말레이시아","Period":"2016Q4","Sales":0.6605,"Profit":0.125},
  {"Division":"IM","Country":"페루","Period":"2016Q4","Sales":0.5284,"Profit":0.1},
  {"Division":"IM","Country":"스페인","Period":"2016Q4","Sales":1.321,"Profit":0.25},
  {"Division":"IM","Country":"영국","Period":"2016Q4","Sales":1.0568,"Profit":0.2},
  {"Division":"IM","Country":"베트남","Period":"2016Q4","Sales":0.9247,"Profit":0.175},
  {"Division":"IM","Country":"아르헨티나","Period":"2016Q4","Sales":0.2642,"Profit":0.05},
  {"Division":"IM","Country":"브라질","Period":"2016Q4","Sales":0.3963,"Profit":0.075},
  {"Division":"IM","Country":"인도","Period":"2016Q4","Sales":1.1889,"Profit":0.225},
  {"Division":"IM","Country":"멕시코","Period":"2016Q4","Sales":0.3963,"Profit":0.075},
  {"Division":"IM","Country":"중국","Period":"2016Q4","Sales":1.9815,"Profit":0.375},
  {"Division":"IM","Country":"미국","Period":"2016Q4","Sales":2.642,"Profit":0.5},
  {"Division":"반도체","Country":"독일","Period":"2016Q4","Sales":0.8916,"Profit":0.297},
  {"Division":"반도체","Country":"이탈리아","Period":"2016Q4","Sales":1.1888,"Profit":0.396},
  {"Division":"반도체","Country":"말레이시아","Period":"2016Q4","Sales":0.743,"Profit":0.2475},
  {"Division":"반도체","Country":"페루","Period":"2016Q4","Sales":0.5944,"Profit":0.198},
  {"Division":"반도체","Country":"스페인","Period":"2016Q4","Sales":1.486,"Profit":0.495},
  {"Division":"반도체","Country":"영국","Period":"2016Q4","Sales":1.1888,"Profit":0.396},
  {"Division":"반도체","Country":"베트남","Period":"2016Q4","Sales":1.0402,"Profit":0.3465},
  {"Division":"반도체","Country":"아르헨티나","Period":"2016Q4","Sales":0.2972,"Profit":0.099},
  {"Division":"반도체","Country":"브라질","Period":"2016Q4","Sales":0.4458,"Profit":0.1485},
  {"Division":"반도체","Country":"인도","Period":"2016Q4","Sales":1.3374,"Profit":0.4455},
  {"Division":"반도체","Country":"멕시코","Period":"2016Q4","Sales":0.4458,"Profit":0.1485},
  {"Division":"반도체","Country":"중국","Period":"2016Q4","Sales":2.229,"Profit":0.7425},
  {"Division":"반도체","Country":"미국","Period":"2016Q4","Sales":2.972,"Profit":0.99},
  {"Division":"DP","Country":"독일","Period":"2016Q4","Sales":0.4452,"Profit":0.0804},
  {"Division":"DP","Country":"이탈리아","Period":"2016Q4","Sales":0.5936,"Profit":0.1072},
  {"Division":"DP","Country":"말레이시아","Period":"2016Q4","Sales":0.371,"Profit":0.067},
  {"Division":"DP","Country":"페루","Period":"2016Q4","Sales":0.2968,"Profit":0.0536},
  {"Division":"DP","Country":"스페인","Period":"2016Q4","Sales":0.742,"Profit":0.134},
  {"Division":"DP","Country":"영국","Period":"2016Q4","Sales":0.5936,"Profit":0.1072},
  {"Division":"DP","Country":"베트남","Period":"2016Q4","Sales":0.5194,"Profit":0.0938},
  {"Division":"DP","Country":"아르헨티나","Period":"2016Q4","Sales":0.1484,"Profit":0.0268},
  {"Division":"DP","Country":"브라질","Period":"2016Q4","Sales":0.2226,"Profit":0.0402},
  {"Division":"DP","Country":"인도","Period":"2016Q4","Sales":0.6678,"Profit":0.1206},
  {"Division":"DP","Country":"멕시코","Period":"2016Q4","Sales":0.2226,"Profit":0.0402},
  {"Division":"DP","Country":"중국","Period":"2016Q4","Sales":1.113,"Profit":0.201},
  {"Division":"DP","Country":"미국","Period":"2016Q4","Sales":1.484,"Profit":0.268},
  {"Division":"CE","Country":"독일","Period":"2017Q1","Sales":0.6204,"Profit":0.0228},
  {"Division":"CE","Country":"이탈리아","Period":"2017Q1","Sales":0.8272,"Profit":0.0304},
  {"Division":"CE","Country":"말레이시아","Period":"2017Q1","Sales":0.517,"Profit":0.019},
  {"Division":"CE","Country":"페루","Period":"2017Q1","Sales":0.4136,"Profit":0.0152},
  {"Division":"CE","Country":"스페인","Period":"2017Q1","Sales":1.034,"Profit":0.038},
  {"Division":"CE","Country":"영국","Period":"2017Q1","Sales":0.8272,"Profit":0.0304},
  {"Division":"CE","Country":"베트남","Period":"2017Q1","Sales":0.7238,"Profit":0.0266},
  {"Division":"CE","Country":"아르헨티나","Period":"2017Q1","Sales":0.2068,"Profit":0.0076},
  {"Division":"CE","Country":"브라질","Period":"2017Q1","Sales":0.3102,"Profit":0.0114},
  {"Division":"CE","Country":"인도","Period":"2017Q1","Sales":0.9306,"Profit":0.0342},
  {"Division":"CE","Country":"멕시코","Period":"2017Q1","Sales":0.3102,"Profit":0.0114},
  {"Division":"CE","Country":"중국","Period":"2017Q1","Sales":1.551,"Profit":0.057},
  {"Division":"CE","Country":"미국","Period":"2017Q1","Sales":2.068,"Profit":0.076},
  {"Division":"IM","Country":"독일","Period":"2017Q1","Sales":0.6204,"Profit":0.1242},
  {"Division":"IM","Country":"이탈리아","Period":"2017Q1","Sales":0.8272,"Profit":0.1656},
  {"Division":"IM","Country":"말레이시아","Period":"2017Q1","Sales":0.517,"Profit":0.1035},
  {"Division":"IM","Country":"페루","Period":"2017Q1","Sales":0.4136,"Profit":0.0828},
  {"Division":"IM","Country":"스페인","Period":"2017Q1","Sales":1.034,"Profit":0.207},
  {"Division":"IM","Country":"영국","Period":"2017Q1","Sales":0.8272,"Profit":0.1656},
  {"Division":"IM","Country":"베트남","Period":"2017Q1","Sales":0.7238,"Profit":0.1449},
  {"Division":"IM","Country":"아르헨티나","Period":"2017Q1","Sales":0.2068,"Profit":0.0414},
  {"Division":"IM","Country":"브라질","Period":"2017Q1","Sales":0.3102,"Profit":0.0621},
  {"Division":"IM","Country":"인도","Period":"2017Q1","Sales":0.9306,"Profit":0.1863},
  {"Division":"IM","Country":"멕시코","Period":"2017Q1","Sales":0.3102,"Profit":0.0621},
  {"Division":"IM","Country":"중국","Period":"2017Q1","Sales":1.551,"Profit":0.3105},
  {"Division":"IM","Country":"미국","Period":"2017Q1","Sales":2.068,"Profit":0.414},
  {"Division":"반도체","Country":"독일","Period":"2017Q1","Sales":0.9396,"Profit":0.3786},
  {"Division":"반도체","Country":"이탈리아","Period":"2017Q1","Sales":1.2528,"Profit":0.5048},
  {"Division":"반도체","Country":"말레이시아","Period":"2017Q1","Sales":0.783,"Profit":0.3155},
  {"Division":"반도체","Country":"페루","Period":"2017Q1","Sales":0.6264,"Profit":0.2524},
  {"Division":"반도체","Country":"스페인","Period":"2017Q1","Sales":1.566,"Profit":0.631},
  {"Division":"반도체","Country":"영국","Period":"2017Q1","Sales":1.2528,"Profit":0.5048},
  {"Division":"반도체","Country":"베트남","Period":"2017Q1","Sales":1.0962,"Profit":0.4417},
  {"Division":"반도체","Country":"아르헨티나","Period":"2017Q1","Sales":0.3132,"Profit":0.1262},
  {"Division":"반도체","Country":"브라질","Period":"2017Q1","Sales":0.4698,"Profit":0.1893},
  {"Division":"반도체","Country":"인도","Period":"2017Q1","Sales":1.4094,"Profit":0.5679},
  {"Division":"반도체","Country":"멕시코","Period":"2017Q1","Sales":0.4698,"Profit":0.1893},
  {"Division":"반도체","Country":"중국","Period":"2017Q1","Sales":2.349,"Profit":0.9465},
  {"Division":"반도체","Country":"미국","Period":"2017Q1","Sales":3.132,"Profit":1.262},
  {"Division":"DP","Country":"독일","Period":"2017Q1","Sales":0.4374,"Profit":0.078},
  {"Division":"DP","Country":"이탈리아","Period":"2017Q1","Sales":0.5832,"Profit":0.104},
  {"Division":"DP","Country":"말레이시아","Period":"2017Q1","Sales":0.3645,"Profit":0.065},
  {"Division":"DP","Country":"페루","Period":"2017Q1","Sales":0.2916,"Profit":0.052},
  {"Division":"DP","Country":"스페인","Period":"2017Q1","Sales":0.729,"Profit":0.13},
  {"Division":"DP","Country":"영국","Period":"2017Q1","Sales":0.5832,"Profit":0.104},
  {"Division":"DP","Country":"베트남","Period":"2017Q1","Sales":0.5103,"Profit":0.091},
  {"Division":"DP","Country":"아르헨티나","Period":"2017Q1","Sales":0.1458,"Profit":0.026},
  {"Division":"DP","Country":"브라질","Period":"2017Q1","Sales":0.2187,"Profit":0.039},
  {"Division":"DP","Country":"인도","Period":"2017Q1","Sales":0.6561,"Profit":0.117},
  {"Division":"DP","Country":"멕시코","Period":"2017Q1","Sales":0.2187,"Profit":0.039},
  {"Division":"DP","Country":"중국","Period":"2017Q1","Sales":1.0935,"Profit":0.195},
  {"Division":"DP","Country":"미국","Period":"2017Q1","Sales":1.458,"Profit":0.26},
  {"Division":"CE","Country":"독일","Period":"2017Q2","Sales":0.6552,"Profit":0.0192},
  {"Division":"CE","Country":"이탈리아","Period":"2017Q2","Sales":0.8736,"Profit":0.0256},
  {"Division":"CE","Country":"말레이시아","Period":"2017Q2","Sales":0.546,"Profit":0.016},
  {"Division":"CE","Country":"페루","Period":"2017Q2","Sales":0.4368,"Profit":0.0128},
  {"Division":"CE","Country":"스페인","Period":"2017Q2","Sales":1.092,"Profit":0.032},
  {"Division":"CE","Country":"영국","Period":"2017Q2","Sales":0.8736,"Profit":0.0256},
  {"Division":"CE","Country":"베트남","Period":"2017Q2","Sales":0.7644,"Profit":0.0224},
  {"Division":"CE","Country":"아르헨티나","Period":"2017Q2","Sales":0.2184,"Profit":0.0064},
  {"Division":"CE","Country":"브라질","Period":"2017Q2","Sales":0.3276,"Profit":0.0096},
  {"Division":"CE","Country":"인도","Period":"2017Q2","Sales":0.9828,"Profit":0.0288},
  {"Division":"CE","Country":"멕시코","Period":"2017Q2","Sales":0.3276,"Profit":0.0096},
  {"Division":"CE","Country":"중국","Period":"2017Q2","Sales":1.638,"Profit":0.048},
  {"Division":"CE","Country":"미국","Period":"2017Q2","Sales":2.184,"Profit":0.064},
  {"Division":"IM","Country":"독일","Period":"2017Q2","Sales":0.6552,"Profit":0.2436},
  {"Division":"IM","Country":"이탈리아","Period":"2017Q2","Sales":0.8736,"Profit":0.3248},
  {"Division":"IM","Country":"말레이시아","Period":"2017Q2","Sales":0.546,"Profit":0.203},
  {"Division":"IM","Country":"페루","Period":"2017Q2","Sales":0.4368,"Profit":0.1624},
  {"Division":"IM","Country":"스페인","Period":"2017Q2","Sales":1.092,"Profit":0.406},
  {"Division":"IM","Country":"영국","Period":"2017Q2","Sales":0.8736,"Profit":0.3248},
  {"Division":"IM","Country":"베트남","Period":"2017Q2","Sales":0.7644,"Profit":0.2842},
  {"Division":"IM","Country":"아르헨티나","Period":"2017Q2","Sales":0.2184,"Profit":0.0812},
  {"Division":"IM","Country":"브라질","Period":"2017Q2","Sales":0.3276,"Profit":0.1218},
  {"Division":"IM","Country":"인도","Period":"2017Q2","Sales":0.9828,"Profit":0.3654},
  {"Division":"IM","Country":"멕시코","Period":"2017Q2","Sales":0.3276,"Profit":0.1218},
  {"Division":"IM","Country":"중국","Period":"2017Q2","Sales":1.638,"Profit":0.609},
  {"Division":"IM","Country":"미국","Period":"2017Q2","Sales":2.184,"Profit":0.812},
  {"Division":"반도체","Country":"독일","Period":"2017Q2","Sales":1.0548,"Profit":0.4818},
  {"Division":"반도체","Country":"이탈리아","Period":"2017Q2","Sales":1.4064,"Profit":0.6424},
  {"Division":"반도체","Country":"말레이시아","Period":"2017Q2","Sales":0.879,"Profit":0.4015},
  {"Division":"반도체","Country":"페루","Period":"2017Q2","Sales":0.7032,"Profit":0.3212},
  {"Division":"반도체","Country":"스페인","Period":"2017Q2","Sales":1.758,"Profit":0.803},
  {"Division":"반도체","Country":"영국","Period":"2017Q2","Sales":1.4064,"Profit":0.6424},
  {"Division":"반도체","Country":"베트남","Period":"2017Q2","Sales":1.2306,"Profit":0.5621},
  {"Division":"반도체","Country":"아르헨티나","Period":"2017Q2","Sales":0.3516,"Profit":0.1606},
  {"Division":"반도체","Country":"브라질","Period":"2017Q2","Sales":0.5274,"Profit":0.2409},
  {"Division":"반도체","Country":"인도","Period":"2017Q2","Sales":1.5822,"Profit":0.7227},
  {"Division":"반도체","Country":"멕시코","Period":"2017Q2","Sales":0.5274,"Profit":0.2409},
  {"Division":"반도체","Country":"중국","Period":"2017Q2","Sales":2.637,"Profit":1.2045},
  {"Division":"반도체","Country":"미국","Period":"2017Q2","Sales":3.516,"Profit":1.606},
  {"Division":"DP","Country":"독일","Period":"2017Q2","Sales":0.4626,"Profit":0.1026},
  {"Division":"DP","Country":"이탈리아","Period":"2017Q2","Sales":0.6168,"Profit":0.1368},
  {"Division":"DP","Country":"말레이시아","Period":"2017Q2","Sales":0.3855,"Profit":0.0855},
  {"Division":"DP","Country":"페루","Period":"2017Q2","Sales":0.3084,"Profit":0.0684},
  {"Division":"DP","Country":"스페인","Period":"2017Q2","Sales":0.771,"Profit":0.171},
  {"Division":"DP","Country":"영국","Period":"2017Q2","Sales":0.6168,"Profit":0.1368},
  {"Division":"DP","Country":"베트남","Period":"2017Q2","Sales":0.5397,"Profit":0.1197},
  {"Division":"DP","Country":"아르헨티나","Period":"2017Q2","Sales":0.1542,"Profit":0.0342},
  {"Division":"DP","Country":"브라질","Period":"2017Q2","Sales":0.2313,"Profit":0.0513},
  {"Division":"DP","Country":"인도","Period":"2017Q2","Sales":0.6939,"Profit":0.1539},
  {"Division":"DP","Country":"멕시코","Period":"2017Q2","Sales":0.2313,"Profit":0.0513},
  {"Division":"DP","Country":"중국","Period":"2017Q2","Sales":1.1565,"Profit":0.2565},
  {"Division":"DP","Country":"미국","Period":"2017Q2","Sales":1.542,"Profit":0.342},
  {"Division":"CE","Country":"독일","Period":"2017Q3","Sales":0.6678,"Profit":0.0264},
  {"Division":"CE","Country":"이탈리아","Period":"2017Q3","Sales":0.8904,"Profit":0.0352},
  {"Division":"CE","Country":"말레이시아","Period":"2017Q3","Sales":0.5565,"Profit":0.022},
  {"Division":"CE","Country":"페루","Period":"2017Q3","Sales":0.4452,"Profit":0.0176},
  {"Division":"CE","Country":"스페인","Period":"2017Q3","Sales":1.113,"Profit":0.044},
  {"Division":"CE","Country":"영국","Period":"2017Q3","Sales":0.8904,"Profit":0.0352},
  {"Division":"CE","Country":"베트남","Period":"2017Q3","Sales":0.7791,"Profit":0.0308},
  {"Division":"CE","Country":"아르헨티나","Period":"2017Q3","Sales":0.2226,"Profit":0.0088},
  {"Division":"CE","Country":"브라질","Period":"2017Q3","Sales":0.3339,"Profit":0.0132},
  {"Division":"CE","Country":"인도","Period":"2017Q3","Sales":1.0017,"Profit":0.0396},
  {"Division":"CE","Country":"멕시코","Period":"2017Q3","Sales":0.3339,"Profit":0.0132},
  {"Division":"CE","Country":"중국","Period":"2017Q3","Sales":1.6695,"Profit":0.066},
  {"Division":"CE","Country":"미국","Period":"2017Q3","Sales":2.226,"Profit":0.088},
  {"Division":"IM","Country":"독일","Period":"2017Q3","Sales":0.6678,"Profit":0.1974},
  {"Division":"IM","Country":"이탈리아","Period":"2017Q3","Sales":0.8904,"Profit":0.2632},
  {"Division":"IM","Country":"말레이시아","Period":"2017Q3","Sales":0.5565,"Profit":0.1645},
  {"Division":"IM","Country":"페루","Period":"2017Q3","Sales":0.4452,"Profit":0.1316},
  {"Division":"IM","Country":"스페인","Period":"2017Q3","Sales":1.113,"Profit":0.329},
  {"Division":"IM","Country":"영국","Period":"2017Q3","Sales":0.8904,"Profit":0.2632},
  {"Division":"IM","Country":"베트남","Period":"2017Q3","Sales":0.7791,"Profit":0.2303},
  {"Division":"IM","Country":"아르헨티나","Period":"2017Q3","Sales":0.2226,"Profit":0.0658},
  {"Division":"IM","Country":"브라질","Period":"2017Q3","Sales":0.3339,"Profit":0.0987},
  {"Division":"IM","Country":"인도","Period":"2017Q3","Sales":1.0017,"Profit":0.2961},
  {"Division":"IM","Country":"멕시코","Period":"2017Q3","Sales":0.3339,"Profit":0.0987},
  {"Division":"IM","Country":"중국","Period":"2017Q3","Sales":1.6695,"Profit":0.4935},
  {"Division":"IM","Country":"미국","Period":"2017Q3","Sales":2.226,"Profit":0.658},
  {"Division":"반도체","Country":"독일","Period":"2017Q3","Sales":1.1946,"Profit":0.5976},
  {"Division":"반도체","Country":"이탈리아","Period":"2017Q3","Sales":1.5928,"Profit":0.7968},
  {"Division":"반도체","Country":"말레이시아","Period":"2017Q3","Sales":0.9955,"Profit":0.498},
  {"Division":"반도체","Country":"페루","Period":"2017Q3","Sales":0.7964,"Profit":0.3984},
  {"Division":"반도체","Country":"스페인","Period":"2017Q3","Sales":1.991,"Profit":0.996},
  {"Division":"반도체","Country":"영국","Period":"2017Q3","Sales":1.5928,"Profit":0.7968},
  {"Division":"반도체","Country":"베트남","Period":"2017Q3","Sales":1.3937,"Profit":0.6972},
  {"Division":"반도체","Country":"아르헨티나","Period":"2017Q3","Sales":0.3982,"Profit":0.1992},
  {"Division":"반도체","Country":"브라질","Period":"2017Q3","Sales":0.5973,"Profit":0.2988},
  {"Division":"반도체","Country":"인도","Period":"2017Q3","Sales":1.7919,"Profit":0.8964},
  {"Division":"반도체","Country":"멕시코","Period":"2017Q3","Sales":0.5973,"Profit":0.2988},
  {"Division":"반도체","Country":"중국","Period":"2017Q3","Sales":2.9865,"Profit":1.494},
  {"Division":"반도체","Country":"미국","Period":"2017Q3","Sales":3.982,"Profit":1.992},
  {"Division":"DP","Country":"독일","Period":"2017Q3","Sales":0.4968,"Profit":0.0582},
  {"Division":"DP","Country":"이탈리아","Period":"2017Q3","Sales":0.6624,"Profit":0.0776},
  {"Division":"DP","Country":"말레이시아","Period":"2017Q3","Sales":0.414,"Profit":0.0485},
  {"Division":"DP","Country":"페루","Period":"2017Q3","Sales":0.3312,"Profit":0.0388},
  {"Division":"DP","Country":"스페인","Period":"2017Q3","Sales":0.828,"Profit":0.097},
  {"Division":"DP","Country":"영국","Period":"2017Q3","Sales":0.6624,"Profit":0.0776},
  {"Division":"DP","Country":"베트남","Period":"2017Q3","Sales":0.5796,"Profit":0.0679},
  {"Division":"DP","Country":"아르헨티나","Period":"2017Q3","Sales":0.1656,"Profit":0.0194},
  {"Division":"DP","Country":"브라질","Period":"2017Q3","Sales":0.2484,"Profit":0.0291},
  {"Division":"DP","Country":"인도","Period":"2017Q3","Sales":0.7452,"Profit":0.0873},
  {"Division":"DP","Country":"멕시코","Period":"2017Q3","Sales":0.2484,"Profit":0.0291},
  {"Division":"DP","Country":"중국","Period":"2017Q3","Sales":1.242,"Profit":0.1455},
  {"Division":"DP","Country":"미국","Period":"2017Q3","Sales":1.656,"Profit":0.194},
  {"Division":"CE","Country":"독일","Period":"2017Q4","Sales":0.7632,"Profit":0.0306},
  {"Division":"CE","Country":"이탈리아","Period":"2017Q4","Sales":1.0176,"Profit":0.0408},
  {"Division":"CE","Country":"말레이시아","Period":"2017Q4","Sales":0.636,"Profit":0.0255},
  {"Division":"CE","Country":"페루","Period":"2017Q4","Sales":0.5088,"Profit":0.0204},
  {"Division":"CE","Country":"스페인","Period":"2017Q4","Sales":1.272,"Profit":0.051},
  {"Division":"CE","Country":"영국","Period":"2017Q4","Sales":1.0176,"Profit":0.0408},
  {"Division":"CE","Country":"베트남","Period":"2017Q4","Sales":0.8904,"Profit":0.0357},
  {"Division":"CE","Country":"아르헨티나","Period":"2017Q4","Sales":0.2544,"Profit":0.0102},
  {"Division":"CE","Country":"브라질","Period":"2017Q4","Sales":0.3816,"Profit":0.0153},
  {"Division":"CE","Country":"인도","Period":"2017Q4","Sales":1.1448,"Profit":0.0459},
  {"Division":"CE","Country":"멕시코","Period":"2017Q4","Sales":0.3816,"Profit":0.0153},
  {"Division":"CE","Country":"중국","Period":"2017Q4","Sales":1.908,"Profit":0.0765},
  {"Division":"CE","Country":"미국","Period":"2017Q4","Sales":2.544,"Profit":0.102},
  {"Division":"IM","Country":"독일","Period":"2017Q4","Sales":0.7632,"Profit":0.1452},
  {"Division":"IM","Country":"이탈리아","Period":"2017Q4","Sales":1.0176,"Profit":0.1936},
  {"Division":"IM","Country":"말레이시아","Period":"2017Q4","Sales":0.636,"Profit":0.121},
  {"Division":"IM","Country":"페루","Period":"2017Q4","Sales":0.5088,"Profit":0.0968},
  {"Division":"IM","Country":"스페인","Period":"2017Q4","Sales":1.272,"Profit":0.242},
  {"Division":"IM","Country":"영국","Period":"2017Q4","Sales":1.0176,"Profit":0.1936},
  {"Division":"IM","Country":"베트남","Period":"2017Q4","Sales":0.8904,"Profit":0.1694},
  {"Division":"IM","Country":"아르헨티나","Period":"2017Q4","Sales":0.2544,"Profit":0.0484},
  {"Division":"IM","Country":"브라질","Period":"2017Q4","Sales":0.3816,"Profit":0.0726},
  {"Division":"IM","Country":"인도","Period":"2017Q4","Sales":1.1448,"Profit":0.2178},
  {"Division":"IM","Country":"멕시코","Period":"2017Q4","Sales":0.3816,"Profit":0.0726},
  {"Division":"IM","Country":"중국","Period":"2017Q4","Sales":1.908,"Profit":0.363},
  {"Division":"IM","Country":"미국","Period":"2017Q4","Sales":2.544,"Profit":0.484},
  {"Division":"반도체","Country":"독일","Period":"2017Q4","Sales":1.2666,"Profit":0.654},
  {"Division":"반도체","Country":"이탈리아","Period":"2017Q4","Sales":1.6888,"Profit":0.872},
  {"Division":"반도체","Country":"말레이시아","Period":"2017Q4","Sales":1.0555,"Profit":0.545},
  {"Division":"반도체","Country":"페루","Period":"2017Q4","Sales":0.8444,"Profit":0.436},
  {"Division":"반도체","Country":"스페인","Period":"2017Q4","Sales":2.111,"Profit":1.09},
  {"Division":"반도체","Country":"영국","Period":"2017Q4","Sales":1.6888,"Profit":0.872},
  {"Division":"반도체","Country":"베트남","Period":"2017Q4","Sales":1.4777,"Profit":0.763},
  {"Division":"반도체","Country":"아르헨티나","Period":"2017Q4","Sales":0.4222,"Profit":0.218},
  {"Division":"반도체","Country":"브라질","Period":"2017Q4","Sales":0.6333,"Profit":0.327},
  {"Division":"반도체","Country":"인도","Period":"2017Q4","Sales":1.8999,"Profit":0.981},
  {"Division":"반도체","Country":"멕시코","Period":"2017Q4","Sales":0.6333,"Profit":0.327},
  {"Division":"반도체","Country":"중국","Period":"2017Q4","Sales":3.1665,"Profit":1.635},
  {"Division":"반도체","Country":"미국","Period":"2017Q4","Sales":4.222,"Profit":2.18},
  {"Division":"DP","Country":"독일","Period":"2017Q4","Sales":0.6708,"Profit":0.0846},
  {"Division":"DP","Country":"이탈리아","Period":"2017Q4","Sales":0.8944,"Profit":0.1128},
  {"Division":"DP","Country":"말레이시아","Period":"2017Q4","Sales":0.559,"Profit":0.0705},
  {"Division":"DP","Country":"페루","Period":"2017Q4","Sales":0.4472,"Profit":0.0564},
  {"Division":"DP","Country":"스페인","Period":"2017Q4","Sales":1.118,"Profit":0.141},
  {"Division":"DP","Country":"영국","Period":"2017Q4","Sales":0.8944,"Profit":0.1128},
  {"Division":"DP","Country":"베트남","Period":"2017Q4","Sales":0.7826,"Profit":0.0987},
  {"Division":"DP","Country":"아르헨티나","Period":"2017Q4","Sales":0.2236,"Profit":0.0282},
  {"Division":"DP","Country":"브라질","Period":"2017Q4","Sales":0.3354,"Profit":0.0423},
  {"Division":"DP","Country":"인도","Period":"2017Q4","Sales":1.0062,"Profit":0.1269},
  {"Division":"DP","Country":"멕시코","Period":"2017Q4","Sales":0.3354,"Profit":0.0423},
  {"Division":"DP","Country":"중국","Period":"2017Q4","Sales":1.677,"Profit":0.2115},
  {"Division":"DP","Country":"미국","Period":"2017Q4","Sales":2.236,"Profit":0.282},
  {"Division":"CE","Country":"독일","Period":"2018Q1","Sales":0.5844,"Profit":0.0168},
  {"Division":"CE","Country":"이탈리아","Period":"2018Q1","Sales":0.7792,"Profit":0.0224},
  {"Division":"CE","Country":"말레이시아","Period":"2018Q1","Sales":0.487,"Profit":0.014},
  {"Division":"CE","Country":"페루","Period":"2018Q1","Sales":0.3896,"Profit":0.0112},
  {"Division":"CE","Country":"스페인","Period":"2018Q1","Sales":0.974,"Profit":0.028},
  {"Division":"CE","Country":"영국","Period":"2018Q1","Sales":0.7792,"Profit":0.0224},
  {"Division":"CE","Country":"베트남","Period":"2018Q1","Sales":0.6818,"Profit":0.0196},
  {"Division":"CE","Country":"아르헨티나","Period":"2018Q1","Sales":0.1948,"Profit":0.0056},
  {"Division":"CE","Country":"브라질","Period":"2018Q1","Sales":0.2922,"Profit":0.0084},
  {"Division":"CE","Country":"인도","Period":"2018Q1","Sales":0.8766,"Profit":0.0252},
  {"Division":"CE","Country":"멕시코","Period":"2018Q1","Sales":0.2922,"Profit":0.0084},
  {"Division":"CE","Country":"중국","Period":"2018Q1","Sales":1.461,"Profit":0.042},
  {"Division":"CE","Country":"미국","Period":"2018Q1","Sales":1.948,"Profit":0.056},
  {"Division":"IM","Country":"독일","Period":"2018Q1","Sales":1.707,"Profit":0.2262},
  {"Division":"IM","Country":"이탈리아","Period":"2018Q1","Sales":2.276,"Profit":0.3016},
  {"Division":"IM","Country":"말레이시아","Period":"2018Q1","Sales":1.4225,"Profit":0.1885},
  {"Division":"IM","Country":"페루","Period":"2018Q1","Sales":1.138,"Profit":0.1508},
  {"Division":"IM","Country":"스페인","Period":"2018Q1","Sales":2.845,"Profit":0.377},
  {"Division":"IM","Country":"영국","Period":"2018Q1","Sales":2.276,"Profit":0.3016},
  {"Division":"IM","Country":"베트남","Period":"2018Q1","Sales":1.9915,"Profit":0.2639},
  {"Division":"IM","Country":"아르헨티나","Period":"2018Q1","Sales":0.569,"Profit":0.0754},
  {"Division":"IM","Country":"브라질","Period":"2018Q1","Sales":0.8535,"Profit":0.1131},
  {"Division":"IM","Country":"인도","Period":"2018Q1","Sales":2.5605,"Profit":0.3393},
  {"Division":"IM","Country":"멕시코","Period":"2018Q1","Sales":0.8535,"Profit":0.1131},
  {"Division":"IM","Country":"중국","Period":"2018Q1","Sales":4.2675,"Profit":0.5655},
  {"Division":"IM","Country":"미국","Period":"2018Q1","Sales":5.69,"Profit":0.754},
  {"Division":"반도체","Country":"독일","Period":"2018Q1","Sales":1.2468,"Profit":0.693},
  {"Division":"반도체","Country":"이탈리아","Period":"2018Q1","Sales":1.6624,"Profit":0.924},
  {"Division":"반도체","Country":"말레이시아","Period":"2018Q1","Sales":1.039,"Profit":0.5775},
  {"Division":"반도체","Country":"페루","Period":"2018Q1","Sales":0.8312,"Profit":0.462},
  {"Division":"반도체","Country":"스페인","Period":"2018Q1","Sales":2.078,"Profit":1.155},
  {"Division":"반도체","Country":"영국","Period":"2018Q1","Sales":1.6624,"Profit":0.924},
  {"Division":"반도체","Country":"베트남","Period":"2018Q1","Sales":1.4546,"Profit":0.8085},
  {"Division":"반도체","Country":"아르헨티나","Period":"2018Q1","Sales":0.4156,"Profit":0.231},
  {"Division":"반도체","Country":"브라질","Period":"2018Q1","Sales":0.6234,"Profit":0.3465},
  {"Division":"반도체","Country":"인도","Period":"2018Q1","Sales":1.8702,"Profit":1.0395},
  {"Division":"반도체","Country":"멕시코","Period":"2018Q1","Sales":0.6234,"Profit":0.3465},
  {"Division":"반도체","Country":"중국","Period":"2018Q1","Sales":3.117,"Profit":1.7325},
  {"Division":"반도체","Country":"미국","Period":"2018Q1","Sales":4.156,"Profit":2.31},
  {"Division":"DP","Country":"독일","Period":"2018Q1","Sales":0.4524,"Profit":0.0246},
  {"Division":"DP","Country":"이탈리아","Period":"2018Q1","Sales":0.6032,"Profit":0.0328},
  {"Division":"DP","Country":"말레이시아","Period":"2018Q1","Sales":0.377,"Profit":0.0205},
  {"Division":"DP","Country":"페루","Period":"2018Q1","Sales":0.3016,"Profit":0.0164},
  {"Division":"DP","Country":"스페인","Period":"2018Q1","Sales":0.754,"Profit":0.041},
  {"Division":"DP","Country":"영국","Period":"2018Q1","Sales":0.6032,"Profit":0.0328},
  {"Division":"DP","Country":"베트남","Period":"2018Q1","Sales":0.5278,"Profit":0.0287},
  {"Division":"DP","Country":"아르헨티나","Period":"2018Q1","Sales":0.1508,"Profit":0.0082},
  {"Division":"DP","Country":"브라질","Period":"2018Q1","Sales":0.2262,"Profit":0.0123},
  {"Division":"DP","Country":"인도","Period":"2018Q1","Sales":0.6786,"Profit":0.0369},
  {"Division":"DP","Country":"멕시코","Period":"2018Q1","Sales":0.2262,"Profit":0.0123},
  {"Division":"DP","Country":"중국","Period":"2018Q1","Sales":1.131,"Profit":0.0615},
  {"Division":"DP","Country":"미국","Period":"2018Q1","Sales":1.508,"Profit":0.082},
  {"Division":"CE","Country":"독일","Period":"2018Q2","Sales":0.624,"Profit":0.0306},
  {"Division":"CE","Country":"이탈리아","Period":"2018Q2","Sales":0.832,"Profit":0.0408},
  {"Division":"CE","Country":"말레이시아","Period":"2018Q2","Sales":0.52,"Profit":0.0255},
  {"Division":"CE","Country":"페루","Period":"2018Q2","Sales":0.416,"Profit":0.0204},
  {"Division":"CE","Country":"스페인","Period":"2018Q2","Sales":1.04,"Profit":0.051},
  {"Division":"CE","Country":"영국","Period":"2018Q2","Sales":0.832,"Profit":0.0408},
  {"Division":"CE","Country":"베트남","Period":"2018Q2","Sales":0.728,"Profit":0.0357},
  {"Division":"CE","Country":"아르헨티나","Period":"2018Q2","Sales":0.208,"Profit":0.0102},
  {"Division":"CE","Country":"브라질","Period":"2018Q2","Sales":0.312,"Profit":0.0153},
  {"Division":"CE","Country":"인도","Period":"2018Q2","Sales":0.936,"Profit":0.0459},
  {"Division":"CE","Country":"멕시코","Period":"2018Q2","Sales":0.312,"Profit":0.0153},
  {"Division":"CE","Country":"중국","Period":"2018Q2","Sales":1.56,"Profit":0.0765},
  {"Division":"CE","Country":"미국","Period":"2018Q2","Sales":2.08,"Profit":0.102},
  {"Division":"IM","Country":"독일","Period":"2018Q2","Sales":1.44,"Profit":0.1602},
  {"Division":"IM","Country":"이탈리아","Period":"2018Q2","Sales":1.92,"Profit":0.2136},
  {"Division":"IM","Country":"말레이시아","Period":"2018Q2","Sales":1.2,"Profit":0.1335},
  {"Division":"IM","Country":"페루","Period":"2018Q2","Sales":0.96,"Profit":0.1068},
  {"Division":"IM","Country":"스페인","Period":"2018Q2","Sales":2.4,"Profit":0.267},
  {"Division":"IM","Country":"영국","Period":"2018Q2","Sales":1.92,"Profit":0.2136},
  {"Division":"IM","Country":"베트남","Period":"2018Q2","Sales":1.68,"Profit":0.1869},
  {"Division":"IM","Country":"아르헨티나","Period":"2018Q2","Sales":0.48,"Profit":0.0534},
  {"Division":"IM","Country":"브라질","Period":"2018Q2","Sales":0.72,"Profit":0.0801},
  {"Division":"IM","Country":"인도","Period":"2018Q2","Sales":2.16,"Profit":0.2403},
  {"Division":"IM","Country":"멕시코","Period":"2018Q2","Sales":0.72,"Profit":0.0801},
  {"Division":"IM","Country":"중국","Period":"2018Q2","Sales":3.6,"Profit":0.4005},
  {"Division":"IM","Country":"미국","Period":"2018Q2","Sales":4.8,"Profit":0.534},
  {"Division":"반도체","Country":"독일","Period":"2018Q2","Sales":1.3194,"Profit":0.6966},
  {"Division":"반도체","Country":"이탈리아","Period":"2018Q2","Sales":1.7592,"Profit":0.9288},
  {"Division":"반도체","Country":"말레이시아","Period":"2018Q2","Sales":1.0995,"Profit":0.5805},
  {"Division":"반도체","Country":"페루","Period":"2018Q2","Sales":0.8796,"Profit":0.4644},
  {"Division":"반도체","Country":"스페인","Period":"2018Q2","Sales":2.199,"Profit":1.161},
  {"Division":"반도체","Country":"영국","Period":"2018Q2","Sales":1.7592,"Profit":0.9288},
  {"Division":"반도체","Country":"베트남","Period":"2018Q2","Sales":1.5393,"Profit":0.8127},
  {"Division":"반도체","Country":"아르헨티나","Period":"2018Q2","Sales":0.4398,"Profit":0.2322},
  {"Division":"반도체","Country":"브라질","Period":"2018Q2","Sales":0.6597,"Profit":0.3483},
  {"Division":"반도체","Country":"인도","Period":"2018Q2","Sales":1.9791,"Profit":1.0449},
  {"Division":"반도체","Country":"멕시코","Period":"2018Q2","Sales":0.6597,"Profit":0.3483},
  {"Division":"반도체","Country":"중국","Period":"2018Q2","Sales":3.2985,"Profit":1.7415},
  {"Division":"반도체","Country":"미국","Period":"2018Q2","Sales":4.398,"Profit":2.322},
  {"Division":"DP","Country":"독일","Period":"2018Q2","Sales":0.3402,"Profit":0.0084},
  {"Division":"DP","Country":"이탈리아","Period":"2018Q2","Sales":0.4536,"Profit":0.0112},
  {"Division":"DP","Country":"말레이시아","Period":"2018Q2","Sales":0.2835,"Profit":0.007},
  {"Division":"DP","Country":"페루","Period":"2018Q2","Sales":0.2268,"Profit":0.0056},
  {"Division":"DP","Country":"스페인","Period":"2018Q2","Sales":0.567,"Profit":0.014},
  {"Division":"DP","Country":"영국","Period":"2018Q2","Sales":0.4536,"Profit":0.0112},
  {"Division":"DP","Country":"베트남","Period":"2018Q2","Sales":0.3969,"Profit":0.0098},
  {"Division":"DP","Country":"아르헨티나","Period":"2018Q2","Sales":0.1134,"Profit":0.0028},
  {"Division":"DP","Country":"브라질","Period":"2018Q2","Sales":0.1701,"Profit":0.0042},
  {"Division":"DP","Country":"인도","Period":"2018Q2","Sales":0.5103,"Profit":0.0126},
  {"Division":"DP","Country":"멕시코","Period":"2018Q2","Sales":0.1701,"Profit":0.0042},
  {"Division":"DP","Country":"중국","Period":"2018Q2","Sales":0.8505,"Profit":0.021},
  {"Division":"DP","Country":"미국","Period":"2018Q2","Sales":1.134,"Profit":0.028},
  {"Division":"CE","Country":"독일","Period":"2018Q3","Sales":0.69,"Profit":0.0402},
  {"Division":"CE","Country":"이탈리아","Period":"2018Q3","Sales":0.92,"Profit":0.0536},
  {"Division":"CE","Country":"말레이시아","Period":"2018Q3","Sales":0.575,"Profit":0.0335},
  {"Division":"CE","Country":"페루","Period":"2018Q3","Sales":0.46,"Profit":0.0268},
  {"Division":"CE","Country":"스페인","Period":"2018Q3","Sales":1.15,"Profit":0.067},
  {"Division":"CE","Country":"영국","Period":"2018Q3","Sales":0.92,"Profit":0.0536},
  {"Division":"CE","Country":"베트남","Period":"2018Q3","Sales":0.805,"Profit":0.0469},
  {"Division":"CE","Country":"아르헨티나","Period":"2018Q3","Sales":0.23,"Profit":0.0134},
  {"Division":"CE","Country":"브라질","Period":"2018Q3","Sales":0.345,"Profit":0.0201},
  {"Division":"CE","Country":"인도","Period":"2018Q3","Sales":1.035,"Profit":0.0603},
  {"Division":"CE","Country":"멕시코","Period":"2018Q3","Sales":0.345,"Profit":0.0201},
  {"Division":"CE","Country":"중국","Period":"2018Q3","Sales":1.725,"Profit":0.1005},
  {"Division":"CE","Country":"미국","Period":"2018Q3","Sales":2.3,"Profit":0.134},
  {"Division":"IM","Country":"독일","Period":"2018Q3","Sales":1.692,"Profit":0.2406},
  {"Division":"IM","Country":"이탈리아","Period":"2018Q3","Sales":2.256,"Profit":0.3208},
  {"Division":"IM","Country":"말레이시아","Period":"2018Q3","Sales":1.41,"Profit":0.2005},
  {"Division":"IM","Country":"페루","Period":"2018Q3","Sales":1.128,"Profit":0.1604},
  {"Division":"IM","Country":"스페인","Period":"2018Q3","Sales":2.82,"Profit":0.401},
  {"Division":"IM","Country":"영국","Period":"2018Q3","Sales":2.256,"Profit":0.3208},
  {"Division":"IM","Country":"베트남","Period":"2018Q3","Sales":1.974,"Profit":0.2807},
  {"Division":"IM","Country":"아르헨티나","Period":"2018Q3","Sales":0.564,"Profit":0.0802},
  {"Division":"IM","Country":"브라질","Period":"2018Q3","Sales":0.846,"Profit":0.1203},
  {"Division":"IM","Country":"인도","Period":"2018Q3","Sales":2.538,"Profit":0.3609},
  {"Division":"IM","Country":"멕시코","Period":"2018Q3","Sales":0.846,"Profit":0.1203},
  {"Division":"IM","Country":"중국","Period":"2018Q3","Sales":4.23,"Profit":0.6015},
  {"Division":"IM","Country":"미국","Period":"2018Q3","Sales":5.64,"Profit":0.802},
  {"Division":"반도체","Country":"독일","Period":"2018Q3","Sales":1.386,"Profit":0.7188},
  {"Division":"반도체","Country":"이탈리아","Period":"2018Q3","Sales":1.848,"Profit":0.9584},
  {"Division":"반도체","Country":"말레이시아","Period":"2018Q3","Sales":1.155,"Profit":0.599},
  {"Division":"반도체","Country":"페루","Period":"2018Q3","Sales":0.924,"Profit":0.4792},
  {"Division":"반도체","Country":"스페인","Period":"2018Q3","Sales":2.31,"Profit":1.198},
  {"Division":"반도체","Country":"영국","Period":"2018Q3","Sales":1.848,"Profit":0.9584},
  {"Division":"반도체","Country":"베트남","Period":"2018Q3","Sales":1.617,"Profit":0.8386},
  {"Division":"반도체","Country":"아르헨티나","Period":"2018Q3","Sales":0.462,"Profit":0.2396},
  {"Division":"반도체","Country":"브라질","Period":"2018Q3","Sales":0.693,"Profit":0.3594},
  {"Division":"반도체","Country":"인도","Period":"2018Q3","Sales":2.079,"Profit":1.0782},
  {"Division":"반도체","Country":"멕시코","Period":"2018Q3","Sales":0.693,"Profit":0.3594},
  {"Division":"반도체","Country":"중국","Period":"2018Q3","Sales":3.465,"Profit":1.797},
  {"Division":"반도체","Country":"미국","Period":"2018Q3","Sales":4.62,"Profit":2.396},
  {"Division":"DP","Country":"독일","Period":"2018Q3","Sales":0.5262,"Profit":0.1128},
  {"Division":"DP","Country":"이탈리아","Period":"2018Q3","Sales":0.7016,"Profit":0.1504},
  {"Division":"DP","Country":"말레이시아","Period":"2018Q3","Sales":0.4385,"Profit":0.094},
  {"Division":"DP","Country":"페루","Period":"2018Q3","Sales":0.3508,"Profit":0.0752},
  {"Division":"DP","Country":"스페인","Period":"2018Q3","Sales":0.877,"Profit":0.188},
  {"Division":"DP","Country":"영국","Period":"2018Q3","Sales":0.7016,"Profit":0.1504},
  {"Division":"DP","Country":"베트남","Period":"2018Q3","Sales":0.6139,"Profit":0.1316},
  {"Division":"DP","Country":"아르헨티나","Period":"2018Q3","Sales":0.1754,"Profit":0.0376},
  {"Division":"DP","Country":"브라질","Period":"2018Q3","Sales":0.2631,"Profit":0.0564},
  {"Division":"DP","Country":"인도","Period":"2018Q3","Sales":0.7893,"Profit":0.1692},
  {"Division":"DP","Country":"멕시코","Period":"2018Q3","Sales":0.2631,"Profit":0.0564},
  {"Division":"DP","Country":"중국","Period":"2018Q3","Sales":1.3155,"Profit":0.282},
  {"Division":"DP","Country":"미국","Period":"2018Q3","Sales":1.754,"Profit":0.376},
  {"Division":"CE","Country":"독일","Period":"2018Q4","Sales":0.726,"Profit":0.0426},
  {"Division":"CE","Country":"이탈리아","Period":"2018Q4","Sales":0.968,"Profit":0.0568},
  {"Division":"CE","Country":"말레이시아","Period":"2018Q4","Sales":0.605,"Profit":0.0355},
  {"Division":"CE","Country":"페루","Period":"2018Q4","Sales":0.484,"Profit":0.0284},
  {"Division":"CE","Country":"스페인","Period":"2018Q4","Sales":1.21,"Profit":0.071},
  {"Division":"CE","Country":"영국","Period":"2018Q4","Sales":0.968,"Profit":0.0568},
  {"Division":"CE","Country":"베트남","Period":"2018Q4","Sales":0.847,"Profit":0.0497},
  {"Division":"CE","Country":"아르헨티나","Period":"2018Q4","Sales":0.242,"Profit":0.0142},
  {"Division":"CE","Country":"브라질","Period":"2018Q4","Sales":0.363,"Profit":0.0213},
  {"Division":"CE","Country":"인도","Period":"2018Q4","Sales":1.089,"Profit":0.0639},
  {"Division":"CE","Country":"멕시코","Period":"2018Q4","Sales":0.363,"Profit":0.0213},
  {"Division":"CE","Country":"중국","Period":"2018Q4","Sales":1.815,"Profit":0.1065},
  {"Division":"CE","Country":"미국","Period":"2018Q4","Sales":2.42,"Profit":0.142},
  {"Division":"IM","Country":"독일","Period":"2018Q4","Sales":1.758,"Profit":0.2598},
  {"Division":"IM","Country":"이탈리아","Period":"2018Q4","Sales":2.344,"Profit":0.3464},
  {"Division":"IM","Country":"말레이시아","Period":"2018Q4","Sales":1.465,"Profit":0.2165},
  {"Division":"IM","Country":"페루","Period":"2018Q4","Sales":1.172,"Profit":0.1732},
  {"Division":"IM","Country":"스페인","Period":"2018Q4","Sales":2.93,"Profit":0.433},
  {"Division":"IM","Country":"영국","Period":"2018Q4","Sales":2.344,"Profit":0.3464},
  {"Division":"IM","Country":"베트남","Period":"2018Q4","Sales":2.051,"Profit":0.3031},
  {"Division":"IM","Country":"아르헨티나","Period":"2018Q4","Sales":0.586,"Profit":0.0866},
  {"Division":"IM","Country":"브라질","Period":"2018Q4","Sales":0.879,"Profit":0.1299},
  {"Division":"IM","Country":"인도","Period":"2018Q4","Sales":2.637,"Profit":0.3897},
  {"Division":"IM","Country":"멕시코","Period":"2018Q4","Sales":0.879,"Profit":0.1299},
  {"Division":"IM","Country":"중국","Period":"2018Q4","Sales":4.395,"Profit":0.6495},
  {"Division":"IM","Country":"미국","Period":"2018Q4","Sales":5.86,"Profit":0.866},
  {"Division":"반도체","Country":"독일","Period":"2018Q4","Sales":1.3932,"Profit":0.7206},
  {"Division":"반도체","Country":"이탈리아","Period":"2018Q4","Sales":1.8576,"Profit":0.9608},
  {"Division":"반도체","Country":"말레이시아","Period":"2018Q4","Sales":1.161,"Profit":0.6005},
  {"Division":"반도체","Country":"페루","Period":"2018Q4","Sales":0.9288,"Profit":0.4804},
  {"Division":"반도체","Country":"스페인","Period":"2018Q4","Sales":2.322,"Profit":1.201},
  {"Division":"반도체","Country":"영국","Period":"2018Q4","Sales":1.8576,"Profit":0.9608},
  {"Division":"반도체","Country":"베트남","Period":"2018Q4","Sales":1.6254,"Profit":0.8407},
  {"Division":"반도체","Country":"아르헨티나","Period":"2018Q4","Sales":0.4644,"Profit":0.2402},
  {"Division":"반도체","Country":"브라질","Period":"2018Q4","Sales":0.6966,"Profit":0.3603},
  {"Division":"반도체","Country":"인도","Period":"2018Q4","Sales":2.0898,"Profit":1.0809},
  {"Division":"반도체","Country":"멕시코","Period":"2018Q4","Sales":0.6966,"Profit":0.3603},
  {"Division":"반도체","Country":"중국","Period":"2018Q4","Sales":3.483,"Profit":1.8015},
  {"Division":"반도체","Country":"미국","Period":"2018Q4","Sales":4.644,"Profit":2.402},
  {"Division":"DP","Country":"독일","Period":"2018Q4","Sales":0.5904,"Profit":0.1386},
  {"Division":"DP","Country":"이탈리아","Period":"2018Q4","Sales":0.7872,"Profit":0.1848},
  {"Division":"DP","Country":"말레이시아","Period":"2018Q4","Sales":0.492,"Profit":0.1155},
  {"Division":"DP","Country":"페루","Period":"2018Q4","Sales":0.3936,"Profit":0.0924},
  {"Division":"DP","Country":"스페인","Period":"2018Q4","Sales":0.984,"Profit":0.231},
  {"Division":"DP","Country":"영국","Period":"2018Q4","Sales":0.7872,"Profit":0.1848},
  {"Division":"DP","Country":"베트남","Period":"2018Q4","Sales":0.6888,"Profit":0.1617},
  {"Division":"DP","Country":"아르헨티나","Period":"2018Q4","Sales":0.1968,"Profit":0.0462},
  {"Division":"DP","Country":"브라질","Period":"2018Q4","Sales":0.2952,"Profit":0.0693},
  {"Division":"DP","Country":"인도","Period":"2018Q4","Sales":0.8856,"Profit":0.2079},
  {"Division":"DP","Country":"멕시코","Period":"2018Q4","Sales":0.2952,"Profit":0.0693},
  {"Division":"DP","Country":"중국","Period":"2018Q4","Sales":1.476,"Profit":0.3465},
  {"Division":"DP","Country":"미국","Period":"2018Q4","Sales":1.968,"Profit":0.462}
]
